@inproceedings{da2012study,
  title={Study of combining GPU/FPGA accelerators for High-Performance Computing},
  author={Da Silva, Bruno and Braeken, An and D'Hollander, Erik and Touhafi, Abdellah and Cornelis, Jan G and Lemeire, Jan},
  booktitle={High-Level Synthesis for High Performance Computing workshop},
  pages={1--2},
  year={2012},
  organization={HiPEAC}
}



@misc{anon._zynq-7000_2013,
	title = {Zynq-7000 All Programmable {SoC} Technical Reference Manual},
	publisher = {Xilinx},
	author = {{Anon.}},
	month = mar,
	year = {2013}
}


@article{daperformance,
  title={Performance Modeling for FPGAs: Extending the Roofline Model with High-Level Synthesis tools},
  author={da Silva, Bruno and Braeken, An and Dâ€™Hollander, Erik H and Touhafi, Abdellah}
}

@article{Williams:2009:RIV:1498765.1498785,
 author = {Williams, Samuel and Waterman, Andrew and Patterson, David},
 title = {Roofline: An Insightful Visual Performance Model for Multicore Architectures},
 journal = {Commun. ACM},
 issue_date = {April 2009},
 volume = {52},
 number = {4},
 month = apr,
 year = {2009},
 issn = {0001-0782},
 pages = {65--76},
 numpages = {12},
 url = {http://doi.acm.org/10.1145/1498765.1498785},
 doi = {10.1145/1498765.1498785},
 acmid = {1498785},
 publisher = {ACM},
 address = {New York, NY, USA},
} 

@article{spieringsembedded,
  title={Embedded platform selection based on the Roofline model},
  author={Spierings, Martien and van de Voort, Rob and Corporaal, Henk and Nugteren, Cedric and Goossens, Tom}
}

@article{patterson2004latency,
  title={Latency lags bandwith},
  author={Patterson, David A},
  journal={Communications of the ACM},
  volume={47},
  number={10},
  pages={71--75},
  year={2004},
  publisher={ACM}
}

@manual{isereleasenotes,
  title        = "ISE Design Suite 14:  Release Notes,  Installation, and Licensing",
  author       = "Anon.",
  organization = "Xilinx",
  edition      = "14.7",
  month        = "October",
  year         = "2013",
  url          = "http://www.xilinx.com/support/documentation/sw_manuals/xilinx14_7/irn.pdf"
}

@manual{trduserguide,
  title        = "Zynq-7000 All Programmable SoC ZC702 Base Targeted Reference Design (ISE Design Suite 14.5)",
  author       = "Anon.",
  organization = "Xilinx",
  edition      = "v4.0",
  month        = "June",
  year         = "2013"
}